@book{altman1999constrained,
  title={Constrained Markov decision processes},
  author={Altman, Eitan},
  volume={7},
  year={1999},
  publisher={CRC Press}
}

@book{puterman2014markov,
  title={Markov decision processes: discrete stochastic dynamic programming},
  author={Puterman, Martin L},
  year={2014},
  publisher={John Wiley \& Sons}
}

@book{bertsekas1999nonlinear,
  title={Nonlinear programming},
  author={Bertsekas, Dimitri P},
  year={1999},
  publisher={Athena scientific Belmont}
}